// TODO(tiny_imagenet100): BibTeX citation
