// TODO(imagenet150): BibTeX citation
