// TODO(imagenet_0_25): BibTeX citation
